@book{anthonybartlett,
author = {Martin Anthony and Peter Bartlett},
title = {Neural Network Learning: Theoretical Foundations},
publisher = {Cambridge University Press},
address = {Cambridge},
year = {1999}}

@techreport{fosterTR,
Author = {D. Foster and R. Johnson and S. Kakade and T. Zhang},
Title = {Multi-View Dimensionality Reduction via Canonical Correlation Analysis},
Institution = {TTI-Chicago},
Number = {TR-2009-5},
Year = {2009}}

@inproceedings{ kakade07,
author = "S. Kakade and D. Foster",
title = "Multi-View Regression via Canonical Correlation Analysis",
booktitle = "COLT",
year = "2007"}

@inproceedings{ mansour09colt,
        Author = {Y. Mansour and M. Mohri and A. Rostamizadeh},
title = "Domain Adaptation: Learning Bounds and Algorithms",
booktitle = "COLT",
year = "2009"}

@inproceedings{toutanova08,
author = "K. Toutanova and M. Johnson",
title = "A Bayesian LDA-based Model for Semi-Supervised Part-of-speech Tagging",
booktitle = "NIPS",
year = "2008"}

@inproceedings{ando07,
Author = {R. Ando and T. Zhang},
Title = {Two-view feature generation model for semi-supervised learning},
Booktitle = {ICML},
Year = {2007}}

@inproceedings{pang02,
	Author = {Bo Pang and Lillian Lee and Shivakumar Vaithyanathan},
	Booktitle = {EMNLP},
	Title = {Thumbs up? Sentiment Classification using Machine Learning Techniques},
	Year = {2002}}

@inproceedings{crammer07,
	Author = {K. Crammer and M. Kearns and J. Wortman},
	Booktitle = {NIPS},
	Title = {Learning from Multiple Sources},
	Year = {2007}}

@inproceedings{jiang07,
	Author = {J. Jiang and C. Zhai},
	Booktitle = {ACL},
	Title = {Instance Weighting for Domain Adaptation},
	Year = {2007}}

@inproceedings{daume07,
	Author = {Daum\'{e}, III, Hal},
	Booktitle = {ACL},
	Title = {Frustratingly Easy Domain Adaptation},
	Year = {2007}}

@inproceedings{chelba04,
	Author = {C. Chelba and A. Acero},
	Booktitle = {EMNLP},
	Title = {Empirical Methods in Natural Language Processing},
	Year = {2004}}

@inproceedings{li06,
	Author = {X. Li and J. Bilmes},
	Booktitle = {ICASSP},
	Title = {Regularized Adaptation of Discriminative Classifiers},
	Year = {2006}}

@inproceedings{li07,
	Author = {X. Li and J. Bilmes},
	Booktitle = {AISTATS},
	Title = {A Bayesian Divergence Prior for Classification Adaptation},
	Year = {2007}}


@inproceedings{xue08,
        Author = {G. Xue and W. Dai and Q. Yang and Y. Yu},
        Title = {Topic-bridged PLSA for cross-domain text classification},
        Booktitle = {SIGIR},
        Year = {2008}}

@inproceedings{dredze08,
        Author = {M. Dredze and K. Crammer},
        Title = {Online Methods for Multi-Domain Learning and Adaptation},
        Booktitle = {EMNLP},
        Year = {2008}}

@inproceedings{huangyates,
        Author = {F. Huang and A. Yates},
        Title = {Distributional Representations for Handling Sparsity in Supervised
Sequence-Labeling},
        Booktitle = {ACL},
        Year = {2009}}

@inproceedings{mcclosky06,
        Author = {D. McClosky and E. Charniak and M. Johnson},
        Title = {Reranking and Self-Training for Parser Adaptation},
        Booktitle = {COLING-ACL 2006},
        Year = {2006}}

@article{heckman79,
        Author = {J. Heckman},
        Title = {Sample Selection Bias as a Specification Error},
        Journal = {Econometrica}, 
        Pages = {153-161},
        Volume = {47},
        Year = {1979}}

@article{baxter00,
        Author = {J. Baxter},
        Title = {A Model of Inductive Bias Learning},
        Journal = {Journal of Artificial Intelligence Research}, 
        Pages = {149-226},
        Volume = {12},
        Year = {2000}}

@article{legetter95,
	Author = {C. Legetter and P. Woodland},
	Journal = {Computer Speech and Language},
	Pages = {171-185},
	Title = {Maximum Likelihood Linear Regression for Speaker Adaptation of Continuous Density Hidden Markov Models},
	Volume = {9},
	Year = {1995}}

@inproceedings{martinez00,
	Author = {A. Martinez},
	Booktitle = {CVPR},
	Title = {Recognition of Partially Occluded and/or Imprecisely Localized Faces Using a Probabilistic Approach},
	Year = {2007}}

@inproceedings{ratnaparkhi96,
author = {A. Ratnaparkhi},
Booktitle = {EMNLP},
Title = {A maximum entropy model for part-of-speech tagging},
Year = {1996}}

@inproceedings{dai07,
	Author = {W. Dai and Q. Yang and G. Xue and Y. Yu},
	Booktitle = {ICML},
	Title = {Boosting for Transfer Learning},
	Year = {2007}}

@inproceedings{bickel07,
	Author = {S. Bickel and M. Br\"uckner and T. Scheffer},
	Booktitle = {ICML},
	Title = {Discriminative Learning for Differing Training and Test Distributions},
	Year = {2007}}

@inproceedings{huang07,
	Author = {J. Huang and A. Smola and A. Gretton and K. Borgwardt and B. Schoelkopf},
	Booktitle = {NIPS},
	Title = {Correcting Sample Selection Bias by Unlabeled Data},
	Year = {2007}}

@inproceedings{ben-david07,
	Author = {S. Ben-David and J. Blitzer and K. Crammer and F. Pereira},
	Booktitle = {NIPS},
	Title = {Analysis of Representations for Domain Adaptation},
	Year = {2007}}

@inproceedings{argyriou07,
	Author = {A. Arygriou and C. Micchelli and M. Pontil and Y. Yang},
	Booktitle = {NIPS},
	Title = {A Spectral Regularization Framework for Multi-Task Structure Learning},
	Year = {2007}}

@inproceedings{blitzer08,
	Author = {J. Blitzer and K. Crammer and A. Kulesza and F. Pereira},
	Booktitle = {NIPS},
	Title = {Learning Bounds for Domain Adaptation},
	Year = {2008}}

@inproceedings{cortes08,
        Author = {C. Cortes and M. Mohri and M. Riley and A. Rostamizadeh},
        Booktitle = {ALT},
        Title = {Sample selection bias correction theory},
        Year = {2008}}

@inproceedings{chen08,
        Author = {K. Chen and R. Liu and C.K. Wong and G. Sun and L. Heck and B. Tseng},
        Booktitle = {CIKM},
        Title = {Trada: tree based ranking function adaptation},
        Year = {2008}}

@article{liu08,
	Author = {Q. Liu and A. Mackey and D. Roos and F. Pereira},
	Journal = {Bioinformatics},
	Pages = {597-605},
	Title = {Evigan: a hidden variable model for integrating gene evidence for eukaryotic gene prediction},
	Volume = {5},
	Issue = {24},
	Year = {2008}}

@inproceedings{mansour09,
        Author = {Y. Mansour and M. Mohri and A. Rostamizadeh},
        Booktitle = {NIPS},
        Title = {Domain adaptation with multiple sources},
        Year = {2009}}

@inproceedings{guo09,
author = {Honglei Guo and Huijia Zhu and Zhili Guo and Xiaoxun Zhang and Xian Wu and Zhong Su},
title = {Domain Adaptation with Latent Semantic Association for Named Entity Recognition},
Booktitle = {NAACL},
year = {2009}}

@inproceedings{ling08,
author = {Xiao Ling and Wenyuan Dai and Yun Jiang and Gui-Rong Xue and Qiang Yang and Yong Yu},
title = {Can Chinese Web Pages be Classified with English Data Source?},
Booktitle = {Proceedings of the 17th international conference on World Wide Web 2008 (WWW 2008)},
year = {2008}}

@inproceedings{finkel09,
author = {Jenny Rose Finkel and Christopher D. Manning},
title = {Hierarchical Bayesian Domain Adaptation},
Booktitle = {NAACL},
year = {2009}}

@misc{pennbioie,
author = {PennBioIE},
title = {Mining The Bibliome Project},
year = {2005},
url = {http://bioie.ldc.upenn.edu/}}

@inproceedings{daume06,
author = {Daum\'{e}, III, Hal and Daniel Marcu},
title = {Domain Adaptation for Statistical Classifiers},
Booktitle = {JAIR},
year = {2006}}

@inproceedings{chelbaAcero04,
author = {Ciprian Chelba and Alex Acero},
title = {Adaptation of a maximum entropy capitalizer: Little data can help a lot},
Booktitle = {EMNLP},
year = {2004}}

@inproceedings{gao09,
author = {Jianfeng Gao and Qiang Wu and Chris Burges and Krysta Svore and Yi Su and Nazan Khan and Shalin Shah and Hongyan Zhou},
title = {Model adaptation via model interpolation and boosting for web search ranking},
Booktitle = {EMNLP},
year = {2009}}

@inproceedings{wu04,
	Author = {P. Wu and T. Dietterich},
	Booktitle = {ICML},
	Title = {Improving SVM Accuracy by Training on Auxiliary Data Sources},
	Year = {2004}}

@inproceedings{blitzer07,
	Author = {J. Blitzer and M. Dredze and F. Pereira},
	Booktitle = {ACL},
	Title = {Biographies, Bollywood, Boomboxes and Blenders: Domain Adaptation for Sentiment Classification},
	Year = {2007}}

@inproceedings{blitzer06,
	Author = {J. Blitzer and R. McDonald and F. Pereira},
	Booktitle = {EMNLP},
	Title = {Domain Adaptation with Structural Correspondence Learning},
	Year = {2006}}

@inproceedings{blum98,
	Author = {A. Blum and T. Mitchell},
	Booktitle = {Combining Labeled and Unlabeled Data with Co-training},
	Title = {Conference on Learning Theory},
	Year = {1998}}

@book{vapnik98,
author = {V. Vapnik},
title = {Statistical Learning Theory},
publisher = {John Wiley},
address = {New York},
year = {1998}}

@article{andozhangjmlr,
	Author = {R. Ando and T. Zhang},
	Journal = {JMLR},
	Pages = {1817-1853},
	Title = {A framework for learning predictive structures from multiple tasks and unlabeled data},
	Volume = {6},
	Year = {2005}}

@article{penntb,
	Author = {M. Marcus and B. Santorini and M. Marcinkiewicz},
	Journal = {Computational Linguistics},
	Pages = {313-330},
	Title = {Building a large annotated corpus of English: The Penn Treebank},
	Volume = {19},
	Year = {1993}}

@inproceedings{mcallester03,
	Author = {D. McAllester},
	Booktitle = {COLT},
	Title = {Simplified {PAC}-{B}ayesian Margin Bounds},
	Year = {2003}}

@article{bartlett02,
	Author = {P. Barlett and S. Mendelson},
	Journal = {JMLR},
	Pages = {463-482},
	Title = {Rademacher and Gaussian Complexities: Risk Bounds and Structural Results},
	Volume = {3},
        Year = {2002}}

@article{hotelling35,
Author = {H. Hotelling},
Title = {The Most Predictable Criterion},
Journal = {Journal of Educational Psychology},
Year = {1935}}

@MISC{JiangReview,
    author = {Jing Jiang},
    title = {A Literature Survey on Domain Adaptation of Statistical Classifiers},
    year = {2007}
}